@article{huang2014improving,
  title={Improving restaurants by extracting subtopics from yelp reviews},
  author={Huang, James and Rogers, Stephanie and Joo, Eunkwang},
  journal={iConference 2014 (Social Media Expo)},
  year={2014},
  publisher={iSchools}
}

@article{kongpredicting,
  title={Predicting International Restaurant Success with Yelp},
  author={Kong, Angela and Nguyen, Vivian and Xu, Catherina},
  year={2015}
}

@article{linshi2014personalizing,
  title={Personalizing Yelp star ratings: A semantic topic modeling approach},
  author={Linshi, Jack},
  journal={Yale University},
  year={2014}
}

@article{wong2016efficiency,
  title={On the efficiency of social recommender networks},
  author={Wong, Felix Ming Fai and Liu, Zhenming and Chiang, Mung},
  journal={IEEE/ACM Transactions on Networking},
  volume={24},
  number={4},
  pages={2512--2524},
  year={2016},
  publisher={IEEE}
}

@article{morland2002neighborhood,
  title={Neighborhood characteristics associated with the location of food stores and food service places},
  author={Morland, Kimberly and Wing, Steve and Roux, Ana Diez and Poole, Charles},
  journal={American journal of preventive medicine},
  volume={22},
  number={1},
  pages={23--29},
  year={2002},
  publisher={Elsevier}
}